<record><leader>00000cas a22000007a 4500</leader><controlfield tag="001">12848497</controlfield><controlfield tag="008">851126d185u18uualuwr ne      0    0eng d</controlfield><datafield ind1=" " ind2=" " tag="010"><subfield code="a">sn 85045087 </subfield></datafield><datafield ind1=" " ind2=" " tag="040"><subfield code="a">CPN</subfield><subfield code="b">eng</subfield><subfield code="c">CPN</subfield><subfield code="d">OCLCQ</subfield></datafield><datafield ind1=" " ind2=" " tag="042"><subfield code="a">msc</subfield></datafield><datafield ind1="0" ind2=" " tag="130"><subfield code="a">East Alabamian (Girard, Ala.)</subfield></datafield><datafield ind1="1" ind2="0" tag="245"><subfield code="a">East Alabamian.</subfield></datafield><datafield ind1=" " ind2=" " tag="260"><subfield code="a">Girard, Ala. :</subfield><subfield code="b">Wm. E. Barnett &amp; Jos. E. Mershon</subfield></datafield><datafield ind1=" " ind2=" " tag="300"><subfield code="a">v. ;</subfield><subfield code="c">54 cm.</subfield></datafield><datafield ind1=" " ind2=" " tag="310"><subfield code="a">Weekly</subfield></datafield><datafield ind1=" " ind2=" " tag="588"><subfield code="a">Description based on: Vol. 1, no. 52 (July 2, 1852).</subfield></datafield><datafield ind1=" " ind2=" " tag="752"><subfield code="a">United States</subfield><subfield code="b">Alabama</subfield><subfield code="c">Russell</subfield><subfield code="d">Girard.</subfield></datafield></record>